

@misc{githubUdacityAIND,
  author = {Udacity},
  title = {{Artificial Intelligence Nanodegree Program Resources}},
  howpublished = "\url{https://github.com/udacity/artificial-intelligence}",
  year = {2019}, 
  note = "[Online; accessed 6-Jan-2019]"
}

@misc{githubYsraellAIND,
  author = {Israel de~Oliveira and Udacity},
  title = {{Artificial Intelligence Nanodegree Projects and Exercises}},
  howpublished = "\url{https://github.com/ysraell/aind}",
  year = {2019}, 
  note = "[Online; accessed 6-Jan-2019]"
}

@misc{githubUdacityAINDProj2,
  author = {Udacity},
  title = {{Projects: 2. Classical Planning}},
  howpublished = "\url{https://github.com/udacity/artificial-intelligence/tree/master/Projects/2_Classical%20Planning}",
  year = {2019}, 
  note = "[Online; accessed 6-Jan-2019]"
}

@misc{githubUdacityAINDProj3,
  author = {Udacity},
  title = {{Build an Adversarial Game Playing Agent}},
  howpublished = "\url{https://github.com/udacity/artificial-intelligence/tree/master/Projects/3_Adversarial%20Search}",
  year = {2019}, 
  note = "[Online; accessed 6-Jan-2019]"
}


@article{russell2009artificial,
  title={Artificial intelligence: a modern approach. 3rd},
  author={Russell, Stuart and Norvig, Peter},
  journal={Essex, UK: Parentice Hall},
  pages={1152},
  year={2009}
}

@article{elnaggar2014comparative,
  title={A comparative study of game tree searching methods},
  author={Elnaggar, Ahmed A and Abdel, M and Gadallah, M and El-Deeb, Hesham},
  journal={Int. J. Adv. Comput. Sci. Appl.},
  volume={5},
  number={5},
  pages={68--77},
  year={2014}
}